% This file was created with JabRef 2.7b.
% Encoding: Cp1252

@book{Cracking2015,
    title = {Cracking the coding interview: 189 programming questions and solutions.},
    year = {2015},
    author = {McDowell, G. L.}
}
